<collection xmlns="http://www.loc.gov/MARC21/slim">
<record>
  <leader>02380nam0a2200373 i 450 </leader>
  <controlfield tag="001">IT\ICCU\CNCE\006600</controlfield>
  <controlfield tag="005">20131202000000.0</controlfield>
  <datafield tag="012" ind1=" " ind2=" ">
    <subfield code="a">sasa rere uaua peno (C) 1518 (R)</subfield>
    <subfield code="2">fei</subfield>
    <subfield code="9">1</subfield>
  </datafield>
  <datafield tag="012" ind1=" " ind2=" ">
    <subfield code="a">iomi tata hoho maad (C) 1518 (R)</subfield>
    <subfield code="2">fei</subfield>
    <subfield code="9">2</subfield>
  </datafield>
  <datafield tag="012" ind1=" " ind2=" ">
    <subfield code="a">teno uae: o.da copo (C) 1518 (R)</subfield>
    <subfield code="2">fei</subfield>
    <subfield code="9">3</subfield>
  </datafield>
  <datafield tag="100" ind1=" " ind2=" ">
    <subfield code="a">19970101d1518        0itac0103    ba</subfield>
  </datafield>
  <datafield tag="101" ind1=" " ind2=" ">
    <subfield code="a">ITA</subfield>
  </datafield>
  <datafield tag="102" ind1=" " ind2=" ">
    <subfield code="a">IT</subfield>
  </datafield>
  <datafield tag="200" ind1="1" ind2=" ">
    <subfield code="a">Tutti li libri de Orlando inamorato. Del conte de Scandiano Mattheo Maria Boiardo tratti fidelmente dal suo emendatissimo exemplare nouamente stampato &amp; correcto</subfield>
  </datafield>
  <datafield tag="210" ind1=" " ind2=" ">
    <subfield code="e">Impresso in Milano</subfield>
    <subfield code="g">per Rocho &amp; fratello da Valle</subfield>
    <subfield code="g">ad instantia de meser Nicollo da Gorgonzola</subfield>
    <subfield code="h">1518 adi ii de zugno</subfield>
  </datafield>
  <datafield tag="215" ind1=" " ind2=" ">
    <subfield code="a">3 v.</subfield>
    <subfield code="c">ill.</subfield>
    <subfield code="d">4ʻ</subfield>
  </datafield>
  <datafield tag="300" ind1=" " ind2=" ">
    <subfield code="a">2: El quinto e fine de tutti li libri de lo inamoramento de Orlando. (Stampato in Milano : per Rocho &amp; fratelli da Valle : ad instantia de mesere Nicolo da Gorgonzola, 1518 adi ii de marzo). L&apos;autore  ̈ Raffaele Valcieco.3: El sexto libro del innamoramento dorlando .  (Impresso in Milano : per mi Rocho &amp; fratello da Valle : ad instantia de meser Nicolo da Gorgonzola, 1518 adi xvii de nouembre). L&apos;autore  ̈Pierfrancesco da Camerino</subfield>
  </datafield>
  <datafield tag="423" ind1=" " ind2="0">
    <subfield code="1">001IT\ICCU\CNCE\045125</subfield>
    <subfield code="1">2001 </subfield>
    <subfield code="a">℗El ℗quinto e fine de tutti li libri de lo inamoramento de Orlando</subfield>
  </datafield>
  <datafield tag="423" ind1=" " ind2="0">
    <subfield code="1">001IT\ICCU\CNCE\045138</subfield>
    <subfield code="1">2001 </subfield>
    <subfield code="a">℗El ℗sexto libro del innamoramento dorlando</subfield>
  </datafield>
  <datafield tag="620" ind1=" " ind2=" ">
    <subfield code="a">IT</subfield>
    <subfield code="d">Milano</subfield>
  </datafield>
  <datafield tag="700" ind1=" " ind2="1">
    <subfield code="a">Boiardo,</subfield>
    <subfield code="b">Matteo Maria</subfield>
    <subfield code="3">IT\ICCU\CNCA\000229</subfield>
  </datafield>
  <datafield tag="702" ind1=" " ind2="0">
    <subfield code="a">Pierfrancesco</subfield>
    <subfield code="c"> : da#Camerino</subfield>
    <subfield code="3">IT\ICCU\CNCA\008938</subfield>
  </datafield>
  <datafield tag="702" ind1=" " ind2="1">
    <subfield code="a">Valcieco,</subfield>
    <subfield code="b">Raffaele</subfield>
    <subfield code="3">IT\ICCU\CNCA\011857</subfield>
  </datafield>
  <datafield tag="712" ind1="0" ind2="0">
    <subfield code="a">Da_Valle, Rocco &amp; fratello</subfield>
    <subfield code="3">IT\ICCU\CNCT\003724</subfield>
    <subfield code="4">650</subfield>
  </datafield>
  <datafield tag="712" ind1="0" ind2="0">
    <subfield code="a"></subfield>
    <subfield code="3">IT\ICCU\CNCT\000205</subfield>
    <subfield code="4">650</subfield>
  </datafield>
  <datafield tag="790" ind1=" " ind2="1">
    <subfield code="a">Camerino,</subfield>
    <subfield code="b">Conte : de</subfield>
    <subfield code="3">IT\ICCU\CNCA\008940</subfield>
    <subfield code="z">Pierfrancesco : da#Camerino</subfield>
  </datafield>
  <datafield tag="790" ind1=" " ind2="1">
    <subfield code="a">Camerino,</subfield>
    <subfield code="b">Pier Francesco</subfield>
    <subfield code="3">IT\ICCU\CNCA\008941</subfield>
    <subfield code="z">Pierfrancesco : da#Camerino</subfield>
  </datafield>
  <datafield tag="790" ind1=" " ind2="0">
    <subfield code="a">Pierfrancesco</subfield>
    <subfield code="c"> : di#Camerino</subfield>
    <subfield code="3">IT\ICCU\CNCA\022185</subfield>
    <subfield code="z">Pierfrancesco : da#Camerino</subfield>
  </datafield>
  <datafield tag="790" ind1=" " ind2="0">
    <subfield code="a">Conte de conti</subfield>
    <subfield code="c"> : da#Camerino</subfield>
    <subfield code="3">IT\ICCU\CNCA\025271</subfield>
    <subfield code="z">Pierfrancesco : da#Camerino</subfield>
  </datafield>
  <datafield tag="790" ind1=" " ind2="0">
    <subfield code="a">Raffaele</subfield>
    <subfield code="c"> : da#Verona</subfield>
    <subfield code="3">IT\ICCU\CNCA\014698</subfield>
    <subfield code="z">Valcieco, Raffaele</subfield>
  </datafield>
  <datafield tag="791" ind1="0" ind2="2">
    <subfield code="a">Nicolo da Gorgonzola</subfield>
    <subfield code="3">IT\ICCU\CNCT\004950</subfield>
    <subfield code="z"></subfield>
  </datafield>
  <datafield tag="801" ind1=" " ind2="3">
    <subfield code="a">IT</subfield>
    <subfield code="b">ICCU</subfield>
    <subfield code="c">20201113</subfield>
  </datafield>
  <datafield tag="899" ind1=" " ind2=" ">
    <subfield code="a">Biblioteca nazionale Braidense. Milano</subfield>
    <subfield code="1">MI0185</subfield>
    <subfield code="2">MIL NB</subfield>
  </datafield>
  <datafield tag="899" ind1=" " ind2=" ">
    <subfield code="a">British Library. London</subfield>
    <subfield code="1">UK0001</subfield>
  </datafield>
</record>
</collection>
